@article{RN1,
   author = {Cortez, P. and Cerdeira, Antonio Luíz and Almeida, Fernando and Matos, Telmo and Reis, José},
   title = {Modeling wine preferences by data mining from physicochemical properties},
   journal = {Decis. Support Syst.},
   volume = {47},
   pages = {547-553},
   year = {2009},
   type = {Journal Article}
}

